<?xml version="1.0" encoding="utf-8"?>
<record xmlns="http://www.loc.gov/MARC21/slim" xmlns:xsi="http://www.w3.org/2001/XMLSchema-instance" xsi:schemaLocation="http://www.loc.gov/MARC21/slim http://www.loc.gov/standards/marcxml/schema/MARC21slim.xsd">
	<leader>     nam a22        4500</leader>
	<controlfield tag="001">b12364903</controlfield>
	<controlfield tag="003">LeBAU</controlfield>
	<controlfield tag="006">m        d        </controlfield>
	<controlfield tag="007">cr cn |||m|||a</controlfield>
	<controlfield tag="008">170516s1952    ir      ob    ||1 0 ara d</controlfield>
	<datafield ind1=" " ind2=" " tag="040">
		<subfield code="a">NNU</subfield>
		<subfield code="b">ara</subfield>
		<subfield code="e">rda</subfield>
		<subfield code="c">NNU</subfield>
	</datafield>
	<datafield ind1="0" ind2=" " tag="041">
		<subfield code="a">ara</subfield>
		<subfield code="a">per</subfield>
		<subfield code="b">fre</subfield>
	</datafield>
	<datafield ind1=" " ind2=" " tag="050">
		<subfield code="a">B753.S832</subfield>
		<subfield code="b">P47 1952</subfield>
	</datafield>
	<datafield ind1="0" ind2="4" tag="082">
		<subfield code="a">189.3</subfield>
		<subfield code="2">22</subfield>
	</datafield>
	<datafield ind1="1" ind2=" " tag="100">
		<subfield code="6">880-01</subfield>
		<subfield code="a">Suhrawardī, Yaḥyá ibn Ḥabash,</subfield>
		<subfield code="d">1152 or 1153-1191,</subfield>
		<subfield code="e">author.</subfield>
	</datafield>
	<datafield ind1="1" ind2="0" tag="245">
		<subfield code="6">880-02</subfield>
		<subfield code="a">Majmūʼah-ʻi duvvum-i muṣannāfāt-i Shaykh Ishrāq Shahāb al-Dīn Yaḥyā Suhrawardī dar hikmat-i Ilāhī /</subfield>
		<subfield code="c">bā taṣḥīḥāt va muqadamah bi-zabān-i Frānsah, bi-qalam-i Hinrī Kurbīn = OEUVRES PHILOSOPHIQUES ET MYSTIQUES DE SHIHABADDIN YAHYA SOHRAWARDI.</subfield>
	</datafield>
	<datafield ind1="3" ind2="1" tag="246">
		<subfield code="a">OEUVRES PHILOSOPHIQUES ET MYSTIQUES DE SHIHABADDIN YAHYA SOHRAWARDI</subfield>
	</datafield>
	<datafield ind1=" " ind2="1" tag="264">
		<subfield code="6">880-03</subfield>
		<subfield code="a">Tihrān :</subfield>
		<subfield code="b">Instītū-yi Īrān va Frānsah, Qismat-i Īranshināsī,</subfield>
		<subfield code="c">1331 [H. Sh.] = 1952 [M.]</subfield>
	</datafield>
	<datafield ind1=" " ind2=" " tag="336">
		<subfield code="a">text</subfield>
		<subfield code="2">rdacontent</subfield>
	</datafield>
	<datafield ind1=" " ind2=" " tag="337">
		<subfield code="a">computer</subfield>
		<subfield code="2">rdamedia</subfield>
	</datafield>
	<datafield ind1=" " ind2=" " tag="338">
		<subfield code="a">online resource</subfield>
		<subfield code="2">rdacarrier</subfield>
	</datafield>
	<datafield ind1="1" ind2=" " tag="490">
		<subfield code="6">880-04</subfield>
		<subfield code="a">Ganjīnah-ʼi Navashtahʹhā-yi Īranī ;</subfield>
		<subfield code="v">2</subfield>
	</datafield>
	<datafield ind1=" " ind2=" " tag="500">
		<subfield code="a">Part of the Arabic Collections Online (ACO) project, contributed by American University of Beirut's Jafet Memorial Library.</subfield>
	</datafield>
	<datafield ind1=" " ind2=" " tag="533">
		<subfield code="a">Electronic reproduction.</subfield>
		<subfield code="b">New York, N.Y. :</subfield>
		<subfield code="c">New York University,</subfield>
		<subfield code="d">2017.</subfield>
		<subfield code="5">NNU</subfield>
	</datafield>
	<datafield ind1="1" ind2="0" tag="600">
		<subfield code="6">880-05</subfield>
		<subfield code="a">Suhrawardī, Yaḥyá ibn Ḥabash,</subfield>
		<subfield code="d">1152 or 3-1191.</subfield>
	</datafield>
	<datafield ind1=" " ind2="0" tag="650">
		<subfield code="6">880-06</subfield>
		<subfield code="a">Ishraqiyah.</subfield>
	</datafield>
	<datafield ind1=" " ind2="0" tag="650">
		<subfield code="6">880-07</subfield>
		<subfield code="a">Philosophy, Iranian</subfield>
		<subfield code="v">Early works to 1800.</subfield>
	</datafield>
	<datafield ind1=" " ind2="0" tag="650">
		<subfield code="6">880-08</subfield>
		<subfield code="a">Sufism</subfield>
		<subfield code="v">Early works to 1800.</subfield>
	</datafield>
	<datafield ind1="1" ind2=" " tag="700">
		<subfield code="6">880-09</subfield>
		<subfield code="a">Corbin, Henry,</subfield>
		<subfield code="e">compiler.</subfield>
	</datafield>
	<datafield ind1="2" ind2=" " tag="710">
		<subfield code="a">Jafet Memorial Library.</subfield>
	</datafield>
	<datafield ind1="0" ind2=" " tag="730">
		<subfield code="a">Arabic Collections Online.</subfield>
	</datafield>
	<datafield ind1="0" ind2="8" tag="776">
		<subfield code="i">Print version:</subfield>
		<subfield code="a">Suhrawardī, Yaḥyá ibn Ḥabash, 1152 or 1153-1191, author.</subfield>
		<subfield code="t">Majmūʼah-ʻi duvvum-i muṣannāfāt-i Shaykh Ishrāq Shahāb al-Dīn Yaḥyā Suhrawardī dar hikmat-i Ilāhī</subfield>
		<subfield code="w">(LeBAU)b12364903</subfield>
	</datafield>
	<datafield ind1="0" ind2=" " tag="787">
		<subfield code="6">880-10</subfield>
		<subfield code="t">Majmūʻah-ʼi ās̲ār-i Fārsī Shaykh-i Ishrāq Shaykh Shihāb al-Dīn Suhravardī</subfield>
		<subfield code="d">Tihrān : Qismat-i Īrānshināsī-i Anstitū-yi Pizhuhishhā-yi ʻIlmī dar Īrān, 1970</subfield>
		<subfield code="w">b18931790</subfield>
	</datafield>
	<datafield ind1=" " ind2="0" tag="830">
		<subfield code="6">880-11</subfield>
		<subfield code="a">Ganjīnah-ʼi Navashtahʹhā-yi Īranī ;</subfield>
		<subfield code="v">2.</subfield>
	</datafield>
	<datafield ind1="4" ind2="0" tag="856">
		<subfield code="u">http://hdl.handle.net/2333.1/wpzgmz17</subfield>
	</datafield>
	<datafield ind1="1" ind2=" " tag="880">
		<subfield code="6">100-01</subfield>
		<subfield code="a">السهروردي، يحيى بن حبش،</subfield>
		<subfield code="d">1152 او 1153-1191،</subfield>
		<subfield code="e">مؤلف.</subfield>
		<subfield code="4">aut.</subfield>
	</datafield>
	<datafield ind1="1" ind2="0" tag="880">
		<subfield code="6">245-02</subfield>
		<subfield code="a">مجموعة دوم مصنفات شيخ إشراق شهاب الدين يحيى سهروردي در حكمت إلهي /</subfield>
		<subfield code="c">با تصحيحات ومقدمة بزبان فرانسه بقلم هنري كربين = OEUVRES PHILOSOPHIQUES ET MYSTIQUES DE SHIHABADDIN YAHYA SOHRAWARDI.</subfield>
	</datafield>
	<datafield ind1=" " ind2="1" tag="880">
		<subfield code="6">264-03</subfield>
		<subfield code="a">تهران :</subfield>
		<subfield code="b">انستيتو إيران وفرانسه، قسمت ايرانشناسى،</subfield>
		<subfield code="c">1331 [هـ. ش] = 1952 [م.]</subfield>
	</datafield>
	<datafield ind1=" " ind2=" " tag="880">
		<subfield code="6">300-00</subfield>
		<subfield code="a">1 جزء ؛</subfield>
		<subfield code="c">24 سم.</subfield>
	</datafield>
	<datafield ind1="1" ind2=" " tag="880">
		<subfield code="6">490-04</subfield>
		<subfield code="a">كنجينه نوشته هاى إيراني ؛</subfield>
		<subfield code="v">2</subfield>
	</datafield>
	<datafield ind1=" " ind2=" " tag="880">
		<subfield code="6">504-00</subfield>
		<subfield code="a">يتضمن مراجع ببليوغرافية وكشاف.</subfield>
	</datafield>
	<datafield ind1="0" ind2="0" tag="880">
		<subfield code="6">505-00</subfield>
		<subfield code="t">مجموعة دوم مصنفات شيخ إشراق شهاب الدين يحيى سهروردي در حكمت إلهي:</subfield>
		<subfield code="g">1.</subfield>
		<subfield code="t">كتاب حكمة الإشراق (متن عربي) --</subfield>
		<subfield code="g">2.</subfield>
		<subfield code="t">رسالة في إعتقاد الحكماء (متن عربي) --</subfield>
		<subfield code="g">3.</subfield>
		<subfield code="t">قصة الغربة الغربية (با ترجمه وشرح فارسي)</subfield>
	</datafield>
	<datafield ind1=" " ind2=" " tag="880">
		<subfield code="6">546-00</subfield>
		<subfield code="a">النص بالعربية والفارسية؛ مع مقدمة بالفرنسية.</subfield>
	</datafield>
	<datafield ind1=" " ind2=" " tag="880">
		<subfield code="6">590-00</subfield>
		<subfield code="a">في المكتبة: الجزء 2.</subfield>
	</datafield>
	<datafield ind1="1" ind2="4" tag="880">
		<subfield code="6">600-05</subfield>
		<subfield code="a">السهروردي، يحي بن حبش،</subfield>
		<subfield code="d">1152 او 1153-1191.</subfield>
	</datafield>
	<datafield ind1=" " ind2="4" tag="880">
		<subfield code="6">650-06</subfield>
		<subfield code="a">الإشراقية.</subfield>
	</datafield>
	<datafield ind1=" " ind2="4" tag="880">
		<subfield code="6">650-07</subfield>
		<subfield code="a">الفلسفة الإيرانية</subfield>
		<subfield code="v">أعمال قديمة حتى 1800.</subfield>
	</datafield>
	<datafield ind1=" " ind2="4" tag="880">
		<subfield code="6">650-08</subfield>
		<subfield code="a">التصوف</subfield>
		<subfield code="v">اعمال قديمة حتى 1800.</subfield>
	</datafield>
	<datafield ind1="1" ind2=" " tag="880">
		<subfield code="6">700-09</subfield>
		<subfield code="a">كوربان، هنري،</subfield>
		<subfield code="e">معد.</subfield>
		<subfield code="4">com.</subfield>
	</datafield>
	<datafield ind1="0" ind2=" " tag="880">
		<subfield code="6">787-10</subfield>
		<subfield code="t">مجموعة آثار فارسي شيخ اشراق شهاب الدين يحيى سهروردى</subfield>
		<subfield code="d">تهران : قسمت ايرانشناسي انستيتوى فرانسوى پژوهشهاي علمي در ايران، 1970</subfield>
		<subfield code="w">b18931790</subfield>
	</datafield>
	<datafield ind1=" " ind2="0" tag="880">
		<subfield code="6">830-11</subfield>
		<subfield code="a">كنجينه نوشته هاى إيراني ؛</subfield>
		<subfield code="v">2.</subfield>
	</datafield>
	<datafield ind1=" " ind2=" " tag="959">
		<subfield code="a">NNU</subfield>
		<subfield code="b">WEB</subfield>
		<subfield code="c">GENI</subfield>
		<subfield code="t">0</subfield>
		<subfield code="m">Electronic access</subfield>
		<subfield code="s">01</subfield>
	</datafield>
	<datafield ind1=" " ind2=" " tag="999">
		<subfield code="i">LeBAU_b12364903</subfield>
		<subfield code="s">aub_aco000750:v.2</subfield>
		<subfield code="e">(ERROR-880)</subfield>
		<subfield code="s">aub_aco000750:v.2</subfield>
	</datafield>
</record>
